@article{young1994state,
  title={State clustering in hidden Markov model-based continuous speech recognition},
  author={Young, Steve J and Woodland, Philip C},
  journal={Computer Speech \& Language},
  volume={8},
  number={4},
  pages={369--383},
  year={1994},
  publisher={Elsevier}
}
