@article{young1994state,
  title={State clustering in hidden Markov model-based continuous speech recognition},
  author={Young, Steve J and Woodland, Philip C},
  journal={Computer Speech \& Language},
  volume={8},
  number={4},
  pages={369--383},
  year={1994},
  publisher={Elsevier}
}

@inproceedings{toth2014convolutional,
  title={Convolutional Deep Maxout Networks for Phone Recognition},
  author={T{\'o}th, L{\'a}szl{\'o}},
  booktitle={Fifteenth Annual Conference of the International Speech Communication Association},
  year={2014}
}

@misc{ wiki:mel_scale,
   author = "Wikipedia",
   title = "Mel scale --- Wikipedia{,} The Free Encyclopedia",
   year = "2014",
   url = "http://en.wikipedia.org/w/index.php?title=Mel_scale&oldid=614860304",
   note = "[Online; accessed 22-September-2014]"
 }

@incollection{weston2012deep,
  title={Deep learning via semi-supervised embedding},
  author={Weston, Jason and Ratle, Fr{\'e}d{\'e}ric and Mobahi, Hossein and Collobert, Ronan},
  booktitle={Neural Networks: Tricks of the Trade},
  pages={639--655},
  year={2012},
  publisher={Springer}
}

@inproceedings{braun2013verifying,
  title={Verifying computations with state},
  author={Braun, Benjamin and Feldman, Ariel J and Ren, Zuocheng and Setty, Srinath and Blumberg, Andrew J and Walfish, Michael},
  booktitle={Proceedings of the Twenty-Fourth ACM Symposium on Operating Systems Principles},
  pages={341--357},
  year={2013},
  organization={ACM}
}

@article{pathak2013privacy,
  title={Privacy-preserving speaker verification and identification using Gaussian mixture models},
  author={Pathak, Manas A and Raj, Bhiksha},
  journal={Audio, Speech, and Language Processing, IEEE Transactions on},
  volume={21},
  number={2},
  pages={397--406},
  year={2013},
  publisher={IEEE}
}

@article{smaragdis2007framework,
  title={A framework for secure speech recognition},
  author={Smaragdis, Paris and Shashanka, Madhusudana},
  journal={Audio, Speech, and Language Processing, IEEE Transactions on},
  volume={15},
  number={4},
  pages={1404--1413},
  year={2007},
  publisher={IEEE}
}

@inproceedings{pathak2011privacy,
  title={Privacy preserving probabilistic inference with hidden Markov models},
  author={Pathak, Manas and Rane, Shantanu and Sun, Wei and Raj, Bhiksha},
  booktitle={Acoustics, Speech and Signal Processing (ICASSP), 2011 IEEE International Conference on},
  pages={5868--5871},
  year={2011},
  organization={IEEE}
}

@inproceedings{toth2013phone,
  title={Phone recognition with deep sparse rectifier neural networks},
  author={T{\'o}th, L{\'a}szl{\'o}},
  booktitle={Acoustics, Speech and Signal Processing (ICASSP), 2013 IEEE International Conference on},
  pages={6985--6989},
  year={2013},
  organization={IEEE}
}

@inproceedings{toth2014combining,
  title={Combining time-and frequency-domain convolution in convolutional neural network-based phone recognition},
  author={T{\'o}th, L{\'a}szl{\'o}},
  booktitle={Acoustics, Speech and Signal Processing (ICASSP), 2014 IEEE International Conference on},
  year={2014},
  organization={IEEE}
}

@article{choromanska2014logarithmic,
  title={Logarithmic time online multiclass prediction},
  author={Choromanska, Anna and Langford, John},
  journal={arXiv preprint arXiv:1406.1822},
  year={2014}
}

@inproceedings{choromanska2013extreme,
  title={Extreme Multi Class Classification},
  author={Choromanska, Anna and Agarwal, Alekh and Langford, John},
  booktitle={NIPS Workshop: eXtreme Classification, submitted},
  year={2013}
}

@inproceedings{kim2013fingerspelling,
  title={Fingerspelling recognition with semi-Markov conditional random fields},
  author={Kim, Taehwan and Shakhnarovich, Greg and Livescu, Karen},
  booktitle={Computer Vision (ICCV), 2013 IEEE International Conference on},
  pages={1521--1528},
  year={2013},
  organization={IEEE}
}

@article{verykios2004state,
  title={State-of-the-art in privacy preserving data mining},
  author={Verykios, Vassilios S and Bertino, Elisa and Fovino, Igor Nai and Provenza, Loredana Parasiliti and Saygin, Yucel and Theodoridis, Yannis},
  journal={ACM Sigmod Record},
  volume={33},
  number={1},
  pages={50--57},
  year={2004},
  publisher={ACM}
}

@book{frederick1997statistical,
  title={Statistical methods for speech recognition},
  author={Frederick Jelinek},
  year={1997},
  publisher={MIT press}
}

@inproceedings{jansen2012indexing,
  title={Indexing Raw Acoustic Features for Scalable Zero Resource Search},
  author={Jansen, Aren and Durme, Benjamin Van},
  booktitle={Thirteenth Annual Conference of the International Speech Communication Association},
  year={2012}
}

@inproceedings{saraclar2004lattice,
  title={Lattice-Based Search For Spoken Utterance Retrieval},
  author={Saraclar, Murat and Sproat, Richard W},
  booktitle={HLT-NAACL},
  year={2004}
}